@article{Reshef,
	author = {Reshef, David N. and Reshef, Yakir A. and Finucane, Hilary K. and Grossman, Sharon R. and McVean, Gilean and Turnbaugh, Peter J. and Lander, Eric S. and Mitzenmacher, Michael and Sabeti, Pardis C.},
	title = {Detecting Novel Associations in Large Data Sets},
	volume = {334},
	number = {6062},
	pages = {1518-1524},
	year = {2011},
	doi = {10.1126/science.1205438},
	journal = {Science}
}

@article{Kraskov,
  title={Estimating mutual information.},
  author={Alexander Kraskov and Harald St{\"o}gbauer and Peter Grassberger},
  journal={Physical review. E, Statistical, nonlinear, and soft matter physics},
  year={2004},
  volume={69 6 Pt 2},
  pages={066138}
}

@article{Berrett,
  title={Efficient multivariate entropy estimation via $ k $-nearest neighbour distances},
  author={Berrett, Thomas B and Samworth, Richard J and Yuan, Ming},
  journal={arXiv preprint arXiv:1606.00304},
  year={2016}
}

@article{Belghazi,
    title={MINE: Mutual Information Neural Estimation},
    author={Mohamed Ishmael Belghazi and Aristide Baratin and Sai Rajeswar and Sherjil Ozair and Yoshua Bengio and Aaron Courville and R Devon Hjelm},
    year={2018},
    eprint={1801.04062},
    archivePrefix={arXiv},
    primaryClass={cs.LG}
}